<record><leader>00000cas a22000007a 4500</leader><controlfield tag="001">11891489</controlfield><controlfield tag="008">850408d18511852ohuwr ne      0   a0eng  </controlfield><datafield ind1=" " ind2=" " tag="010"><subfield code="a">sn 85042199 </subfield></datafield><datafield ind1=" " ind2=" " tag="040"><subfield code="a">DLC</subfield><subfield code="b">eng</subfield><subfield code="c">DLC</subfield><subfield code="d">ONP</subfield><subfield code="d">DLC</subfield><subfield code="d">OCLCF</subfield><subfield code="d">DLC</subfield></datafield><datafield ind1="0" ind2=" " tag="022"><subfield code="a">2379-3015</subfield><subfield code="2">1</subfield></datafield><datafield ind1=" " ind2=" " tag="042"><subfield code="a">msc</subfield><subfield code="a">nsdp</subfield></datafield><datafield ind1=" " ind2=" " tag="043"><subfield code="a">n-us-oh</subfield></datafield><datafield ind1="0" ind2="0" tag="050"><subfield code="a">Newspaper</subfield></datafield><datafield ind1="0" ind2="0" tag="082"><subfield code="a">071</subfield><subfield code="2">23</subfield></datafield><datafield ind1=" " ind2="4" tag="222"><subfield code="a">The Democratic sentinel and Harrison County farmer</subfield><subfield code="b">(Print)</subfield></datafield><datafield ind1="0" ind2="4" tag="245"><subfield code="a">The Democratic sentinel and Harrison County farmer.</subfield></datafield><datafield ind1="1" ind2="3" tag="246"><subfield code="a">Sentinel &amp; farmer</subfield></datafield><datafield ind1="1" ind2="3" tag="246"><subfield code="a">Sentinel and farmer</subfield></datafield><datafield ind1=" " ind2=" " tag="260"><subfield code="a">Cadiz, Ohio :</subfield><subfield code="b">Allen, Giles, Blain,</subfield><subfield code="c">1851-1852.</subfield></datafield><datafield ind1=" " ind2=" " tag="300"><subfield code="a">v. :</subfield><subfield code="b">ill. (chiefly advertisements) ;</subfield><subfield code="c">65 cm.</subfield></datafield><datafield ind1=" " ind2=" " tag="310"><subfield code="a">Weekly</subfield></datafield><datafield ind1="0" ind2=" " tag="362"><subfield code="a">Vol. 18, no. 7 (May 28, 1851)-v. 19, no. 31 (Dec. 1, 1852).</subfield></datafield><datafield ind1=" " ind2=" " tag="500"><subfield code="a">"Democratic." Cf. Gutgesell, S.  Guide to Ohio newspapers, 1974.</subfield></datafield><datafield ind1=" " ind2=" " tag="530"><subfield code="a">Archived issues are available in digital format from the Library of Congress Chronicling America online collection.</subfield></datafield><datafield ind1=" " ind2="0" tag="651"><subfield code="a">Cadiz (Ohio)</subfield><subfield code="v">Newspapers.</subfield></datafield><datafield ind1=" " ind2="7" tag="651"><subfield code="a">Ohio</subfield><subfield code="z">Cadiz.</subfield><subfield code="2">fast</subfield><subfield code="0">(OCoLC)fst01232209</subfield></datafield><datafield ind1=" " ind2="7" tag="655"><subfield code="a">Newspapers.</subfield><subfield code="2">fast</subfield><subfield code="0">(OCoLC)fst01423814</subfield></datafield><datafield ind1=" " ind2=" " tag="752"><subfield code="a">United States</subfield><subfield code="b">Ohio</subfield><subfield code="c">Harrison</subfield><subfield code="d">Cadiz.</subfield></datafield><datafield ind1="0" ind2="8" tag="776"><subfield code="i">Online version:</subfield><subfield code="t">Democratic sentinel and Harrison County farmer</subfield><subfield code="x">2379-3023</subfield><subfield code="w">(DLC)  2015218768</subfield><subfield code="w">(OCoLC)909286027</subfield></datafield><datafield ind1="0" ind2="0" tag="780"><subfield code="t">Cadiz sentinel (Cadiz, Ohio : 1844)</subfield><subfield code="x">2379-1438</subfield><subfield code="w">(DLC)sn 84028793</subfield><subfield code="w">(OCoLC)11451367</subfield></datafield><datafield ind1="0" ind2="0" tag="785"><subfield code="t">Democratic sentinel</subfield><subfield code="x">2379-3031</subfield><subfield code="w">(DLC)sn 85025647</subfield><subfield code="w">(OCoLC)11836615</subfield></datafield><datafield ind1="4" ind2="1" tag="856"><subfield code="u">http://www.loc.gov/chroniclingamerica/lccn/sn85042199/issues</subfield></datafield><datafield ind1="1" ind2=" " tag="029"><subfield code="a">AU@</subfield><subfield code="b">000025818271</subfield></datafield></record>